@book{frege1879,
  author    = {Gottlob Frege},
  title     = {Begriffsschrift, eine der arithmetischen nachgebildete Formelsprache des reinen Denkens},
  publisher = {Louis Nebert},
  year      = {1879},
  address   = {Halle}
}

@book{russell1910,
  author    = {Bertrand Russell and Alfred North Whitehead},
  title     = {Principia Mathematica},
  publisher = {Cambridge University Press},
  year      = {1910-1913},
  address   = {Cambridge},
  volume    = {3}
}

@article{church1936,
  author  = {Alonzo Church},
  title   = {An Unsolvable Problem of Elementary Number Theory},
  journal = {American Journal of Mathematics},
  year    = {1936},
  volume  = {58},
  number  = {2},
  pages   = {345--363}
}

@article{turing1936,
  author  = {Alan M. Turing},
  title   = {On Computable Numbers, with an Application to the Entscheidungsproblem},
  journal = {Proceedings of the London Mathematical Society},
  year    = {1936},
  volume  = {42},
  number  = {2},
  pages   = {230--265}
}

@article{godel1931,
  author  = {Kurt Gödel},
  title   = {Über formal unentscheidbare Sätze der Principia Mathematica und verwandter Systeme},
  journal = {Monatshefte für Mathematik},
  year    = {1931},
  volume  = {38},
  pages   = {173--198}
}

@inproceedings{kovacs2013vampire,
  author    = {Laura Kov{\'a}cs and Andrei Voronkov},
  title     = {First-Order Theorem Proving and Vampire},
  booktitle = {Computer Aided Verification (CAV)},
  pages     = {1--35},
  year      = {2013},
  publisher = {Springer},
  series    = {Lecture Notes in Computer Science},
  volume    = {8044}
}
